<record><leader>00000cas a22000007a 4500</leader><controlfield tag="001">24417676</controlfield><controlfield tag="008">910919d18841884ncuwr ne      0    0eng d</controlfield><datafield ind1=" " ind2=" " tag="010"><subfield code="a">sn 91068296 </subfield></datafield><datafield ind1=" " ind2=" " tag="040"><subfield code="a">NVJ</subfield><subfield code="b">eng</subfield><subfield code="c">NVJ</subfield><subfield code="d">DLC</subfield><subfield code="d">OCLCO</subfield><subfield code="d">OCLCA</subfield></datafield><datafield ind1="1" ind2=" " tag="029"><subfield code="a">AU@</subfield><subfield code="b">000025862499</subfield></datafield><datafield ind1=" " ind2=" " tag="042"><subfield code="a">msc</subfield></datafield><datafield ind1="0" ind2="4" tag="245"><subfield code="a">The Durham County Republican.</subfield></datafield><datafield ind1=" " ind2=" " tag="260"><subfield code="a">Durham, N.C. :</subfield><subfield code="b">Republican Executive Committee Durham County,</subfield></datafield><datafield ind1=" " ind2=" " tag="300"><subfield code="a">v.</subfield></datafield><datafield ind1=" " ind2=" " tag="310"><subfield code="a">Weekly</subfield></datafield><datafield ind1="0" ind2=" " tag="362"><subfield code="a">July 15, 1884-Oct. 30, 1884.</subfield></datafield><datafield ind1=" " ind2=" " tag="500"><subfield code="a">Published weekly for the campaign.</subfield></datafield><datafield ind1="1" ind2=" " tag="710"><subfield code="a">North Carolina.</subfield><subfield code="b">Republican Executive Committee (Durham County)</subfield></datafield><datafield ind1=" " ind2=" " tag="752"><subfield code="a">United States</subfield><subfield code="b">North Carolina</subfield><subfield code="c">Durham</subfield><subfield code="d">Durham.</subfield></datafield></record>